%%%%%%%%%%%%%%%%%%%%%%%%%%%%%%%%%%%%%%%%%%%%%%%%%%%%%%%%%%%%%%%%%%%
%                                                                 %
%   CNASBIBL.BIB    Bibliography database in BibTeX format        %
%                                                                 %
%   Papers and manuals authored by members of CN-AS group or      %
%   needed as references in their manuals.                        %
%                                                                 %
%   Editor: Michel Goossens / CN-AS                               %
%   Last Mod.:  14 July 1992 11:20   mg                           %
%                                                                 %
%%%%%%%%%%%%%%%%%%%%%%%%%%%%%%%%%%%%%%%%%%%%%%%%%%%%%%%%%%%%%%%%%%%
 
@manual{bib-ASISINST,
    author="Ph.Defert and I.Reguero",
    title="ASIS, The Installer's Guide {\upshape CN-CO-152}",
    organization="CERN",
    year="1992"}
@techreport{bib-cgiref,
    author=ISO,
    title="Computer Graphics Interface (CGI)",
    number="ISO/TC 97/SC21/WG2 N 1406/1411 Working Draft",
    institution="ISO Geneva",
    year="1986"}
@techreport{bib-CHEOPS,
    author="J.Altaber et al.",
    title="{CHEOPS -- Really Using a Satellite}",
    institution="CERN",
    number="CN/19/5",
    year="1991"}
@manual{bib-CMZ,
    author="M. Brun and R. Brun and F. Rademakers",
    title="{CMZ - A Source Code Management System}",
    organization="CodeME S.A.R.L.",
    year="1991"}
@article{bib-COMPJ,
    author="R. Fletcher",
    title=" ",
    journal="Computer Journal",
    volume="13",pages="317",
    year="1970"}
@manual{bib-COMIS,
    author="V. Berezhnoi (editor).",
    title="COMIS -- Compilation and Interpretation System, {\upshape Program Library L210}",
    organization="CERN",
    year="1988"}
@manual{bib-CSPACK,
    author="J.D. Shiers (editor).",
    title="CSPACK -- Client Server Computing Package, {\upshape Program Library Q124}",
    organization="CERN",
    year="1991"}
@inproceedings{bib-DATA,
    author="J.H.Friedman",
    title="{Data Analysis Techniques for High Energy Particle Physics}",
    booktitle="Proceedings of the 1974 CERN School of Computing, 
               Godoysund (Norway)",
    editor="CERN",
    note="CERN Report 74-23",
    year="1974"}
@article{bib-DBL3,
    author="L3 Collaboration",
    title="{The L3 database system}",
    journal="Nuclear Instruments and Methods in Physics Research",
    volume="A309",pages="318-330",
    year="1991"}
@manual{bib-DFS,
    author="Digital Equipment Corporation",
    title="{VAX Distributed File Service}",
    organization="Digital Equipment Corporation",
    year="1987"}
@book{bib-EADIE, 
    author="W.T.Eadie and D.Drijard and F.James and M.Roos and B.Sadoulet",
    title="Statistical Methods in Experimental Physics",
    publisher="North-Holland",
    year="1971"}
@book{bib-ERICE,
    author="R. Brun and P. Kunz and P. Palazzi",
    title="Data Structures for Particle Physics Experiments",
    publisher="World Scientific",
    year="1991"}
@manual{bib-FATMEN,
    author="J.D. Shiers",
    title="FATMEN - Distributed File and Tape Management, {\upshape Program Library Q123}", 
    organization="CERN",
    year="1992"}
@techreport{bib-FATREP,
    author="C.Curran et al.",
    title="{The FATMEN Report}",
    institution="CERN",
    number="DD/89/15",
    year="1989"}
@manual{bib-GEANT3,
    author="R.Brun and F.Bruyant and M.Maire and A.C.McPherson and P.Zanarini",
    title="GEANT3 {\upshape (DD/EE/81-1)}",
    organization="CERN",
    year="1987"}
@book{bib-gkpgks, 
    author="G. Enderle and K. Kansy and G. Pfaff",
    title="Computer Graphics Programming, GKS --- The Graphics Standard",
    publisher="Springer Verlag",
    address="Berlin",
    year="1983",
    note="This book is intended for those who want to dig down deep into the
          internals of GKS. Its reading is a MUST for GKS implementors or writers
          of GKS workstation driver code."}
@manual{bib-GKS1,
    author="D.R.Myers",
    title="GKS/GKS-3D Primer, {\upshape DD/US/110}",
    organization="CERN",
    year="1987"}
@manual{bib-GKS2,
    author="Graphics section",
    title="Guide to computer graphics at CERN, {\upshape DD/US/1987}",
    organization="CERN",
    year="1990"}
@techreport{bib-gks2d,
    author="ISO",
    title="The Graphical Kernel System (GKS)",
    number="ISO 7942",
    institution="ISO Geneva",
    year="1985"}
@techreport{bib-gks3d,
    author="ISO",
    title="The Graphical Kernel System for Three Dimensions (GKS-3D)",
    number="ISO 8805",
    institution="ISO Geneva",
    year="1987"}
@techreport{bib-gksftn,
    author=ISO,
    title="The Graphical Kernel System (GKS) language bindings -- Part 1: Fortran",
    number="ISO 8651-1",
    institution="ISO Geneva",
    year="1988"}
@techreport{bib-gksftn3,
    author=ISO,
    title="The Graphical Kernel System for Three Dimensions (GKS-3D)
           language bindings -- Part 1: Fortran",
    number="ISO 8806-1",
    institution="ISO Geneva",
    year="1988"}
@manual{bib-grref,
    author="Nicole Cremel",
    title="GRVIEW, GRCONV, and GRPLOT; Metafile Utilities User's Guide,
           ({\tt\upshape CERN/DD/US/135})",
    organization="CERN",
    month="March",
    year="1990"}
@manual{bib-gtsref,
    title="GTS-GRAL User and Reference Manual Fortran 
           ({\tt\upshape CERN/DD/US/102})",
    organization="GTS-GRAL Gmbh",
    address="Darmstadt, Germany",
    month="September",
    year="1988"}
@manual{bib-gtsref3,
    title="GTS-GRAL-3D Reference Manual Fortran
           ({\tt\upshape CERN/DD/US/118})",
    organization="GTS-GRAL Gmbh",
    address="Darmstadt, Germany",
    month="September",
    year="1988"}
@manual{bib-HBOOK1,
    author="R.Brun and M.Hansroul and P.Palazzi",
    title="HBOOK users guide (Version 1.2), {\upshape Program Library Y250}",
    organization="CERN",
    year="1973"}
@manual{bib-HBOOK2,
    author="R.Brun and M.Hansroul and P.Palazzi and B.Peuchot",
    title="HBOOK users guide (Version 2), {\upshape Program Library Y250 and DD/75/11}",
    organization="CERN",
    year="1975"}
@manual{bib-HBOOK3,
    author="R.Brun and I.Ivanchencko and P.Palazzi",
    title="HBOOK users guide (Version 3), {\upshape Program Library Y250 and DD/77/9}",
    organization="CERN",
    year="1977"}
@manual{bib-HBOOK3R,
    author="R.Brun and I.Ivanchencko and D.Lienart and P.Palazzi",
    title="HBOOK users guide (Version 3 - Revised), {\upshape Program Library Y250 and DD/EE/81-1}",
    organization="CERN",
    year="1984"}
@manual{bib-HBOOK4,
    author="R.Brun and D.Lienart",
    title="HBOOK users guide (Version 4), {\upshape Program Library Y250}",
    organization="CERN",
    year="1987"}
@manual{bib-HBOOK,
    author="R.Brun",
    title="HBOOK users guide (Version 4.15), {\upshape Program Library Y250}",
    organization="CERN",
    year="1992"}
@manual{bib-HEPDB,
    author="J.Shiers et al.",
    title="HEPDB - High Energy Physics Data Base (Version 0.03)",
    organization="CERN",
    year="1992"}
@manual{bib-HIGZ,
    author="R.Bock et al.",
    title="HIGZ Users Guide, {\upshape Program Library Q120}",
    organization="CERN",
    year="1991"}
@manual{bib-HPLOT,
    author="R.Brun and H.Renshall",
    title="HPLOT users guide, {\upshape Program Library Y251}",
    organization="CERN",
    year="1990"}
@manual{bib-HPLOT1,
    author="R.Brun and H.Watkins",
    title="HPLOT users guide version 1,{\upshape  Program Library Y251}",
    organization="CERN",
    year="1977"}
@manual{bib-HPLOT4,
    author="R.Brun and H.Renshall and H.Watkins",
    title="HPLOT users guide version 4, {\upshape Program Library Y251}",
    organization="CERN",
    year="1986"}
@manual{bib-HYDRA,
    author="Various authors",
    title="HYDRA Reference documentation, {\upshape CERN/D.Ph.II/PROG 74-4}",
    organization="CERN",
    year="1974"}
@book{bib-ingks, 
    author="F.R.A Hopgood and D.A. Duce and J.R. Gallop and D.C. Sutcliffe",
    title="Introduction to the Graphics Kernel System~*~GKS~*",   
    publisher="Academic Press",
    address="London",
    year="1983",
    note="This book is a well written introductory guide to the concepts of GKS.
          It contains a large number of program fragments as examples and the
          corresponding illustrations.
          It uses a fictive programming language which somewhat resembles FORTRAN.
          However, a GKS reference manual containing the exact FORTRAN statements
          is needed in addition."}
@manual{bib-KUIP,
    author="R.Brun and P.Zanarini",
    title="KUIP -- Kit for a User Interface Package, {\upshape Program library I202}",
    organization="CERN",
    year="1988"}
@book{bib-LATEX, 
    author="L. Lamport",
    title="{\LaTeX} {A Document Preparation System}",
    publisher="Addison-Wesley",
    year="1986"}
@techreport{bib-LISS,
    author="B.Schorr",
    title="{Etude du lissage d'histogramme par la m\'ethode des
           B-splines et implementation dans HBOOK}",
    institution="CERN",
    number="DD/EE/78-3",
    year="1978"}
@manual{bib-mgksref,
    author="CN/AS Group",
    title="Minimal GKS Reference Manual {\upshape Program Library J550}", 
    organization="CERN",
    year="1987"}
@manual{bib-MINUIT,
    author="F.James and M.Roos",
    title="MINUIT -- Users Guide, {\upshape Program Library D506}",
    organization="CERN",
    year="1981"}
@manual{bib-MINERR,
    author="F.James",
    title="Interpretation of the errors on parameters as given by MINUIT,
    {\upshape Supplement to ``CERN Program Library Long writeup D506''}",
    organization="CERN",
    year="1978"}
@techreport{bib-MIN81,
    author="F.James",
    title="{Determining the statistical Significance of experimental Results}",
    institution="CERN",
    number="DD/81/02 and CERN Report 81--03",
    year="1981"}
@manual{bib-MOTIF,
    author="Open Software Foundation",
    title="OSF/Motif -- User's Guide",
    organization="OSF",
    year="1981"}
@techreport{bib-MUSCLE,
    author="D.O.Williams et al.",
    title="{The Muscle Report}",
    institution="CERN",
    number="DD/88/1",
    year="1989"}
@manual{bib-myers,
    author="D.R.Myers",
    title="A Background to Computer Graphics {(\upshape Yellow Report 83--07)}",
    organization="CERN",
    year="1983",
    note="This CERN Yellow report gives a brief overview of the major concepts and
          terminology of Computer Graphics for non-specialists."}
@manual{bib-nagref,
    author="CN/AS Group",
    title="Nag Graphics at CERN {\upshape\tt DD/US/100}", 
    organization="CERN",
    year="1988"}
@manual{bib-NFS,
    author="Sun Microsystems",
    title="{Network File System Version 2}",
    organization="Sun Microsystems",
    year="1987"}
@manual{bib-NGB,
    author="J.J.Thresher et al.",
    title="{Computing at CERN in the 1990s}",
    organization="CERN",
    year="1989"}
@techreport{bib-NOCLD,
    author="Frank J. Nagy",
    title="{Fast Definition of DCL-like commands}",
    institution="FNAL",
    year="1986"}
@manual{bib-OPCAL,
    author="R.Cranfield and B.Holl and R.W.L.Jones and N.Watson",
    title="{OPCAL User Guide -- OC504}",
    organization="OPAL/OFFL/36/0003",
    year="1991"}
@manual{bib-ORACLE,
    author="Oracle Corporation",
    title="{Introduction to SQL}",
    organization="Oracle Corporation",
    year="1988"}
@manual{bib-PATCHY,
    author="H.J. Klein and J. Zoll",
    title="PATCHY Reference Manual, {\upshape Program Library L400}",
    organization="CERN",
    year="1988"}
@manual{bib-PAW,
    author="R.Brun and O.Couet and C.Vandoni and P.Zanarini",
    title="PAW users guide, {\upshape Program Library Q121}",
    organization="CERN",
    year="1991"}
@article{bib-PAWART,
    author="R.{B\"ock} and R.Brun and O.Couet and J.C.Marin and R.Nierhaus
           and L.Pape and N.Cremel-Somon and C.Vandoni and P.Zanarini",
    title="PAW - Towards a Physics Analysis Workstation",
    journal="Computer Physics Communications",
    volume="45",pages="317",
    year="1987"}
@techreport{bib-phigs,
    author="ISO",
    title="Programmer's Hierarchichal Interactive Graphics System (PHIGS),
           -- Part 1: Functional description",
    number="ISO 9592-1",
    institution="ISO Geneva",
    year="1989"}
@techreport{bib-phigsftn,
    author=ISO,
    title="Programmer's Hierarchichal Interactive Graphics System (PHIGS)
           language bindings -- Part 1: Fortran",
    number="ISO 9593-1",
    institution="ISO Geneva",
    year="1990"}
@book{bib-POST,
    author="Adobe",
    title="{PostScript Language Manual (Second Edition)}",
    publisher="Addison Wesley",
    year="1990"}
@manual{bib-SHIFT,
    author="J.P.Baud and F.Cane and F.Hemmer and E.Jagel and
            G.Lee and L.Robertson and B.Segal and A.Trannoy",
    title="SHIFT, User Guide and Reference Manual (Version 1.2)",
    organization="CERN",
    year="1991"}
@manual{bib-SIGMA,
    author="R.Hagedorn and J.Reinfelds and C.E.Vandoni and L.Van Hove",
    title="SIGMA, A New Language for Interactive Array-oriented Computing,
          {\upshape (CERN Report 73-5, 1973 and CERN Report 78-12, 1978.}",
    organization="CERN",
    year="1973,1978"}
@phdthesis{bib-SIST,
    author="O.Pepino",
    title="Struttura dati per un sistema statistico",
    school="University of Torino",
    year="1977"}
@techreport{bib-SPLINE,
    author="B.Schorr",
    title="{Spline estimation of Distributions and Density Functions}",
    institution="CERN",
    number="DD/75/13",
    year="1975"}
@book{bib-STAT,
    author="W.T.Eadie and D.Drijard and F.E.James and M.Ross and B Sadoulet",
    title="{Statistical Methods in Experimental Physics}",
    publisher="North Holland publishing company, Amsterdam, London",
    year="1971"}
@manual{bib-SUMX,
    author="Various authors",
    title="SUMX User's Manual {\upshape Program Library Y200}",
    organization="CERN",
    year="1973,1976(Rev.)"}
@manual{bib-TAC,
    author="Michel Goossens and Alexander Samarin",
    title="\TeX{} at CERN ({\normalsize\tt CN/US/136})",
    organization="CERN",
    year="1992"}
@manual{bib-TCPAW1,
    author="B.Segal",
    title="The TCPAW package",
    organization="CERN",
    year="1989"}
@manual{bib-TCPAW2,
    author="R.Brun and B.Segal",
    title="A distributed Physics Analysis workbench",
    organization="CERN",
    year="1989"}
@manual{bib-TMS,
    author="A.Cass",
    title="CERN Tape Management System Users Guide
    {\upshape To be published}",
    organization="CERN",
    year="1992"}
@book{bib-vandam, 
    author="J.D. Foley and A. van Dam",
    title="Fundamentals of Interactive Computer Graphics",
    publisher=AW,
    address=AW:adr,
    year="1982",
    note="Although requiring to be brought up-to-date, this book is perhaps still
          the best standard text on the field of Computer Graphics.
          It is complete, but nevertheless readable by interested beginners."}
@manual{bib-VAXTAP,
    author="J.D. Shiers",
    title="VAXTAP - VAX/VMS Tape Handling Package, {\upshape Program Library Z312}",
    organization="CERN",
    year="1992"}
@manual{bib-ZCEDEX,
    author="R.Brun and C.Kerster and D. Moffat",
    title="ZCEDEX - Command Interpretation -- Creation EDition EXecution 
           {\upshape (DD/EE/80-6)}",
    organization="CERN",
    year="1980"}
@manual{bib-ZEBRA,
    author="R.Brun and M.Goossens and J.Zoll",
    title="ZEBRA Users Guide, {\upshape Program Library Q100}",
    organization="CERN",
    year="1991"}
@manual{bib-ZEBRADIA,
    author="J.Zoll",
    title="ZEBRA - Reference Manual - DIA Error Diagnostics, {\upshape Program Library Q100}",
    organization="CERN",
    year="1991"}
@manual{bib-ZEBRADZ,
    author="M.Goossens",
    title="ZEBRA - Overview of the System and DZ Reference Manual, {\upshape Program Library Q100}",
    organization="CERN",
    year="1991"}
@manual{bib-ZEBRADZDOC,
    author="O.Schaile",
    title="DZDOC - A ZEBRA Bank Documentation and Display System, {\upshape Program Library Q101}",
    organization="CERN",
    year="1991"}
@manual{bib-ZEBRAFZ,
    author="J.Zoll",
    title="ZEBRA - Reference Manual - FZ Sequential I/O, {\upshape Program Library Q100}",
    organization="CERN",
    year="1991"}
@manual{bib-ZEBRAJZ91,
    author="J.Zoll",
    title="ZEBRA - Reference Manual - JZ91 Processor Support, {\upshape Program Library Q100}",
    organization="CERN",
    year="1991"}
@manual{bib-ZEBRAMZ,
    author="J.Zoll",
    title="ZEBRA - Reference Manual - MZ Memory Management, {\upshape Program Library Q100}",
    organization="CERN",
    year="1991"}
@manual{bib-ZEBRARZ,
    author="R.Brun",
    title="ZEBRA - Reference Manual - RZ Random Access Package, {\upshape Program Library Q100}",
    organization="CERN",
    year="1991"}
@manual{bib-ZEBRATZ,
    author="J.Zoll",
    title="ZEBRA - Reference Manual - TZ Title Handling, {\upshape Program Library Q100}",
    organization="CERN",
    year="1991"}
 
