%%%%%%%%%%%%%%%%%%%%%%%%%%%%%%%%%%%%%%%%%%%%%%%%%%%%%%%%%%%%%%%%%%%
%                                                                 %
%   GEANTBIBL.BIB    Bibliography database in BibTeX format       %
%                                                                 %
%   Papers and other material referenced in the GEANT manual      %
%                                                                 %
%   Editor: Federico Carminati / CN-AS                            %
%   Last Mod.:  04 November 1992 23:20   fca                      %
%                                                                 %
%%%%%%%%%%%%%%%%%%%%%%%%%%%%%%%%%%%%%%%%%%%%%%%%%%%%%%%%%%%%%%%%%%%
%
%        Computing
%
@book{bib-X11,
    author="J.Gettys and R.W.Scheiffer and R.Newman",
    booktitle="Xlib -- C language X interface\upshape{X Version 11, Release 4}",
    organization="MIT X Consortium Standard",
    year="1989"}
@manual{bib-FFREAD,
        title="FFREAD User Guide and Reference Manual",
        author="R.Brun et al.",
        organisation="CERN",
        edition="DD/US/71",
        month="February",
        year="1987"}
@manual{bib-GEANT,
        title="GEANT Detector Description and Simulation Tool",
        author="R.Brun and F.Carminati",
        organisation="CERN",
        edition="{CERN} {P}rogram {L}ibrary {L}ong {W}riteup {W}5013",
        month="September",
        year="1993"}
@manual{bib-JETS,
        title="The LUND MonteCarlo Programs",
        author="{T.Sj\"{o}strand et al.}",
        organisation="CERN",
        edition="{CERN} {P}rogram {L}ibrary {P}ool {W}riteup 
{W}5035 / {W}5045 / {W}5046 / {W}5047 / {W}5048",
        month="November",
        year="1989"}
@manual{bib-GEANE,
        title="GEANE: Average Tracking and Error Propagation Package",
        author="V.Innocente and M.Maire and E.Nagy",
        organisation="CERN",
        month="July",
        year="1991"}
@manual{bib-GEANT2,
        title="GEANT User's Guide",
        author="R.Brun and M.Hansroul and J.C.Lassalle",
        organisation="CERN",
        edition="{DD/EE/82}",
        year="1982"}
%
%        Physics
%
@article{bib-DUM1,
    author="",
    title="",
    journal="",
    volume="",pages="",
    year=""}
%
@techreport{bib-DUM2,
    author="",
    title="",
    number="",
    institution="",
    address="",
    month="",
    year=""}
%
@book{bib-DUM3,
    author="",
    title="",
    publisher="",
    address="",
    year=""}
%
@inproceedings{bib-DUM4,
    address="",
    author="",
    editor="",
    title="",
    booktitle="",
    note="",
    organization="",
    pages="",
    publisher="",
    month="",
    year=""}
%
@techreport{bib-MICA,
    author="J.O. Johnson and T.A. Gabriel",
    title="{A User's Guide
to MICAP: A Monte Carlo Ionization Chamber Analysis Package}",
    number="TM-10340",
    institution="ORNL",
    address="",
    month="",
    year="1988"}
@techreport{bib-MIC2,
    author="J.O. Johnson and T.A. Gabriel",
    title="{Development
and Evaluation of a Monte Carlo System for Analysis of
Ionization Chamber Responses}",
    number="TM-10196",
    institution="ORNL",
    address="",
    month="",
    year="1987"}
@inproceedings{bib-ZEIT,
    address="Tallahasse, FL, USA",
    author="T.Gabriel,C.Zeitnitz",
    editor="",
    title="",
    booktitle="Proc. of International Conference on Calorimetry
in High Energy Physics",
    note="",
    organization="",
    pages="",
    publisher="",
    month="February",
    year="1993"}
@book{bib-XRAY,
    author="D. Vaughan",
    title="{X-Ray Data Booklet}",
    publisher="Center for X-Ray Optics",
    address="",
    year="1986"}
@techreport{bib-NATB,
    author="",
    title="Handbook",
    number="",
    institution="National Bureau of Standards",
    address="",
    month="",
    year=""}
@article{bib-LECU,
    author="P.L'Ecuyer",
    title="Efficient and Portable Random Number Generators",
    journal="Comm.  ACM",
    volume="31",pages="742",
    year="1988"}
@article{bib-JAM1,
    author="F.James",
    title="A Review of Pseudorandom Number Generators",
    journal="Computer Phys.  Comm.",
    volume="60",pages="329--344",
    year="1990"}
@techreport{bib-GHMI,
    author="J.Allison",
    title="Calculation of Hadronic Interaction Lengths for Mixtures",
    number="OPAL/0037N/JA/md",
    institution="CERN",
    address="",
    month="Hadron Milestone 84/003",
    year="1984"}
@inproceedings{bib-MAIE,
    address="",
    author="R.Maier",
    editor="",
    title="",
    booktitle="CERN Accelerator School",
    note="CERN 91-04",
    organization="CERN",
    pages="",
    publisher="",
    month="17-28 September",
    year="1990"}
%
@techreport{bib-FLUK,
    author="P.A.Aarnio et al.",
    title="FLUKA User's guide",
    number="TIS-RP-190",
    institution="CERN",
    year="1987, 1990"}
@inproceedings{bib-FLU1,
    address="Santa Fe, USA",
    author="{A.Fass\`{o}  A.Ferrari  J.Ranft  P.R.Sala  G.R.Stevenson 
and J.M.Zazula}",
    editor="",
    title="{FLUKA92}",
    booktitle="{Proceedings of the Workshop on Simulating Accelerator Radiation
Environments}",
    note="",
    organization="",
    pages="",
    month="11-15 January",
    year="1993"}
@article{bib-FLU2,
    author="{A.Fass\`{o} A.Ferrari J.Ranft P.R.Sala G.R.Stevenson and
J.M.Zazula}",
    title="{A Comparison of FLUKA Simulations with measurements of
Fluence and Dose in Calorimeter Structures}",
    journal="Nuclear Instruments \& Methods A",
    volume="332",pages="459",
    year="1993",
    comment="(also CERN divisional report CERN/TIS-RP/93-2/PP (1993)"}
@article{bib-FLU3,
    author="{C.Birattari E.DePonti A.Esposito A.Ferrari M.Pelliccioni 
and M.Silari}",
    title="Measurements and characterization of high energy neutron fields",
    journal="approved for pubblication in Nuclear Instruments \& Methods A",
    volume="",pages="",
    year=""}
@inproceedings{bib-FLU4,
    address="Tallahassee, Florida",
    author="{P.A.Aarnio, A.Fass\`{o}, A.Ferrari, J.-H.Moehring, J.Ranft,
P.R.Sala, G.R.Stevenson and J.M.Zazula}",
    editor="",
    title="{FLUKA: hadronic benchmarks and applications}",
    booktitle="MC93 Int.
Conf. on Monte-Carlo Simulation in High-Energy and Nuclear Physics",
    note="Proceedings in press",
    organization="",
    pages="",
    publisher="",
    month="22-26 February",
    year="1993"}
@inproceedings{bib-FLU5,
    address="Tallahassee, Florida",
    author="{P.A.Aarnio, A.Fass\`{o}, A.Ferrari, J.-H.Moehring, J.Ranft,
P.R.Sala, G.R.Stevenson and J.M.Zazula}",
    editor="",
    title="{Electron-photon transport:
always so good as we think? Experience with FLUKA}",
    booktitle="MC93 Int.
Conf. on Monte-Carlo Simulation in High-Energy and Nuclear Physics",
    note="Proceedings in press",
    organization="",
    pages="",
    publisher="",
    month="22-26 February",
    year="1993"}
@inproceedings{bib-FLU6,
    address="Tallahassee, Florida",
    author="A.Ferrari and P.R.Sala",
    editor="",
    title="{A New Model for hadronic interactions at intermediate energies 
for the FLUKA code}",
    booktitle="MC93 Int.
Conf. on Monte-Carlo Simulation in High-Energy and Nuclear Physics",
    note="Proceedings in press",
    organization="",
    pages="",
    publisher="",
    month="22-26 February",
    year="1993"}
%
@book{bib-BIRK,
    author="J.B.Birks",
    title="The theory and practice of Scintillation Counting",
    publisher="Pergamon Press",
    address="",
    year="1964"}
@article{bib-BIR1,
    author="R.L.Craun and D.L.Smith",
    title="",
    journal="Nucl. Inst. and Meth.",
    volume="80",pages="239-244",
    year="1970"}
@article{bib-SCHM,
    author="{H.Schmidt-B\"oring and H.Harnung}",
    title="",
    journal="Z.f.Phys.",
    volume="A286",pages="253",
    year="1978"}
@article{bib-GEIS,
    author="H.Geisel et al.",
    title="",
    journal="NIM",
    volume="194",pages="21",
    year="1982"}
@article{bib-TSCH,
    author="{C.Tschal\"ar and H.D.Maccabee}",
    title="",
    journal="Phys. Rev. B",
    volume="1",pages="2863",
    year="1970"}
@article{bib-HUBE,
    author="F.Hubert et al.",
    title="",
    journal="At. Data Nucle. Data Tables",
    volume="46",pages="1",
    year="1990"}
@techreport{bib-HEIN,
    author="W.Heinrich et al.",
    title="",
    number="GSI-91-30",
    institution="GSI",
    address="Darmstad",
    month="June",
    year="1991"}
@article{bib-SAKA,
    author="N.Sakamoto et al",
    title="",
    journal="Rad. Effects and Defects in Solids",
    volume="117",pages="193",
    year="1991"}
@article{bib-GREE,
    author="D.W.Green et al.",
    title="",
    journal="Phys. Rev.",
    volume="98",pages="466",
    year="1955"}
@article{bib-REYN,
    author="H.K.Reynold et al.",
    title="",
    journal="Phys. Rev.",
    volume="92",pages="742",
    year="1953"}
@article{bib-KEIL,
    author="E.Keil and E.Zeitler and W.Zinn",
    title="{Zur Einfach- und Mehrfachstreuung geladener Teilchen}",
    journal="Z.Naturforsch.",
    volume="15a",pages="1031",
    year="1960"}
@article{bib-HUBB,
    author="J.H.Hubbell and H.A.Gimm and I.Overbo",
    title=" ",
    journal="Jou. Phys. Chem. Ref. Data",
    volume="9",pages="1023",
    year="1980"}
@article{bib-BUTC,
    author="J.C.Butcher and H.Messel",
    title=" ",
    journal="Nucl. Phys",
    volume="20",pages="15",
    year="1960"}
@book{bib-THEO,
    author="T.M.Jenkins and W.R.Nelson and A.Rindi",
    title="Monte{C}arlo transport of electrons and photons",
    publisher="Plenum Press",
    address="New York",
    year="1988"}
@book{bib-JACK,
    author="J.D.Jackson",
    title="Classical Electrodynamics",
    publisher="J.Wiley et Sons, Inc",
    address="New York",
    year="1975"}
@book{bib-HAMM,
    author="J.M.Hammersley and D.S.Handscomb",
    title="Monte Carlo methods",
    publisher="J.Wiley et Sons Inc",
    address="New York",
    year="1964"}
@manual{bib-EGS3,
    author="R.Ford and W.Nelson",
    title="{\upshape SLAC 210, UC 32}",
    organization="SLAC",
    month="June",
    year="1978"}
@article{bib-TSAI,
    author="Y-S.Tsai",
    title=" ",
    journal="Rev. Mod. Phys.",
    volume="46",pages="815",
    year="1974"}
@article{bib-TSAI-err,
    author="Y-S.Tsai",
    title=" ",
    journal="Rev. Mod. Phys.",
    volume="49",pages="421",
    year="1977"}
@article{bib-KLEI,
    author="O.Klein and Y.Nishina",
    title=" ",
    journal="Z. f. Physik",
    volume="52",pages="853",
    year="1929"}
@book{bib-MESS,
    author="H.Messel and D.F.Crawford",
    booktitle="Electron-Photon Shower Distribution Function Tables for Lead, Copper and Air Absorbers",
    publisher="Pergamon Press",
    address="",
    volume="3",
    year="1970"}
@book{bib-ROSS,
    author="B.Rossi",
    booktitle="High Energy Particles",
    publisher="Prentice-Hall",
    address="",
    pages="77--79",
    year="1952"}
@book{bib-ROS1,
    author="B.Rossi",
    booktitle="High Energy Particles",
    publisher="Prentice-Hall",
    address="Englewood Cliffs",
    pages="67",
    year="1961"}
@book{bib-ANZ1,
    author="H.H.Andersen and J.F.Ziegler",
    title="Helium stopping powers and ranges in all elements",
    publisher="Pergamon Press",
    address="",
    pages="",
    year="1977"}
@book{bib-ANZI,
    author="H.H.Andersen and J.F.Ziegler",
    title="Hidrogen stopping powers and ranges in all elements",
    publisher="Pergamon Press",
    address="",
    pages="",
    year="1977"}
@article{bib-ROS2,
    author="B.Rossi and K.Greisen",
    title="",
    journal="Rev. Mod. Physics",
    volume="13",pages="240",
    year="1941"}
@article{bib-STOR,
    author="H.Storm and H.I.Israel",
    title="Nucl. Data Tables",
    journal="",
    volume="A7",pages="565",
    year="1970"}
@techreport{bib-LINC,
    author="G.R.Lynch and O.I.Dahl",
    title="Approximation to Multiple Coulomb Scattering",
    number="LBL-28165",
    institution="Physics Division, Laurence Berkeley Laboratory",
    address="University of California, Berkeley, CA 94720",
    month="February",
    year="1990"}
@techreport{bib-GHEI,
    author="H.C.Fesefeldt",
    title="Simulation of Hadronic Showers, Physics and Applications",
    number="PITHA 85-02",
    institution="III Physikalisches Institut",
    address="RWTH Aachen Physikzentrum, 5100 Aachen, Germany",
    month="September",
    year="1985"}
@article{bib-HUB1,
    author="J.H.Hubbell and I.Overbo",
    title="",
    journal="J. Phys. Chem. Ref. Data",
    volume="1/8",
    year="1979"}
@techreport{bib-NELS,
    author="W.R.Nelson and H.Hirayama and D.W.O.Rogers",
    title="",
    number="265",
    institution="SLAC",
    year="1985"}
@techreport{bib-BERG,
    author="M.J. Berger, S.M. Selzer",
    title="",
    number="SP 3012",
    institution="NASA",
    year="1964"}
@techreport{bib-BAR1,
    author="W.H.Barkas and M.J. Berger",
    title="",
    number="SP 3013",
    institution="NASA",
    year="1964"}
@article{bib-JONE,
    author="R.Jones",
    title="Private communication to a {GEANT} monthly meeting",
    journal="",
    volume="",pages="",
    year=""}
@article{bib-BETH,
    author="H.A.Bethe",
    title="",
    journal="Ann. Phys.",
    volume="5",pages="325",
    year="1930"}
@article{bib-MOLI,
    author="G.Z.Moli\`{e}re",
    title="{Theorie der Streuung schneller geladener Teilchen I: Einzelstreuung am abgerschmitten Coulomb-Feld}",
    journal="Z. Naturforsch.",
    volume="2a",pages="133",
    year="1947"}
@article{bib-MOL1,
    author="G.Z.Moli\`{e}re",
    title="{Theorie der Streuung schneller geladener Teilchen II: Merfach- und Vielfachstreuung}",
    journal="Z. Naturforsch.",
    volume="3a",pages="78",
    year="1948"}
@article{bib-GOUD,
    author="S.Goudsmit and J.L.Saunderson",
    title="Multiple scattering of electrons",
    journal="Phys. Rev.",
    volume="57",pages="24",
    year="1940"}
@article{bib-GOU1,
    author="S.Goudsmit and J.L.Saunderson",
    title="Multiple scattering of electrons {II}",
    journal="Phys. Rev.",
    volume="36",pages="36",
    year="1940"}
@article{bib-BET1,
    author="H.A.Bethe",
    title="",
    journal="Phys. Rev.",
    volume="89",pages="1256",
    year="1953"}
@article{bib-BLOC,
    author="F.Bloch",
    title="",
    journal="Z. fur Phys.",
    volume="81",pages="363",
    year="1933"}
@article{bib-STER,
    author="R.M.Sternheimer",
    title="",
    journal="Phys. Rev. B",
    volume="3",pages="3681",
    year="1971"}
@article{bib-HIG1,
    author="V.L.Highland",
    title="",
    journal="Nucl. Inst. and Meth.",
    volume="129",pages="497",
    year="1975"}
@article{bib-HIG2,
    author="V.L.Highland",
    title="",
    journal="Nucl. Inst. and Meth.",
    volume="161",pages="171",
    year="1979"}
@book{bib-MES1,
    author="H.Messel and D.F. Crawford",
    booktitle="Electron Photon Shower Distribution Function",
    publisher="Pergamon Press",
    address="Oxford",
    year="1970"}
@book{bib-PDGB,
    author="R.M. Barbett et al.",
    booktitle="Particle Physics Booklet",
    howpublished="From Review of Particle Properties, Physical Review D 54(1996)1",
    publisher="Particle Data Group",
    address="",
    year="1996"}
@article{bib-PDGD,
    author="R.M. Barbett et al.",
    title="Review of Particle Properties",
    journal="Physical Review D",
    year="1996",
    volume="54",
    number="1",
    month="July"}
@inproceedings{bib-PATR,
    author="G.N.Patrick",
    title="Physical Processes in the Simulation of Electromagetic Cascades",
    booktitle="Workshop on Shower Simulation for LEP Experiments",
    organisation="CERN",
    month="January",
    year="1985"}
@incollection{bib-LAND,
    author="L. Landau",
    title="{On the Energy Loss of Fast Particles by Ionisation {\upshape J. Phys. 8:201, 1944}}",
    booktitle="L.D.Landau, Collected papers",
    editor="D.ter Haar",
    publisher="Pergamon Press",
    address="Oxford",
    year="1965",
    pages="417"}
@article{bib-VAVI,
    author="P.V.Vavilov",
    title="Ionisation Losses of High Energy Heavy Particles",
    journal="Soviet Physics JETP",
    volume="5",pages="749",
    year="1957"}
@article{bib-SCH1,
    author="B.Schorr",
    title="{Programs for the Landau and the Vavilov distributions and the corresponding random numbers}",
    journal="Comp. Phys. Comm.",
    volume="7",pages="216",
    year="1974"}
@techreport{bib-SELT,
    author="S.M.Seltzer and M.J.Berger",
    title="{Energy loss straggling of protons and mesons. In Studies in Penetration of Charged Particles in Matter}",
    institution="Nat. Academy of Sciences",
    address="Washington DC",
    type="Nuclear Science Series",
    number="39",
    year="1964"}
@incollection{bib-KOL1,
    author={K.S.K\"olbig},
    title="{Landau distribution}",
    booktitle="CERN Program Library, \upshape{entry G110}",
    chapter="",
    publisher="CERN",
    year="1985",
    note="Short Write-Up"}
@article{bib-JAME,
    author="F.James",
    title="{Program formerly in the CERN Program Library, but now replaced by G110, entry RANLAN}",
    journal="",
    volume="",pages="",
    year=""}
@article{bib-MOYA,
    author="J.E.Moyal",
    title="Theory of ionisation fluctuations",
    journal="Phil. Mag.",
    volume="46",pages="263",
    year="1955"}
@article{bib-FANO,
    author="U.Fano",
    title="Penetration of Protons, Alpha Particles and Mesons",
    journal="Ann. Rev. Nucl. Sci.",
    volume="13",pages="1",
    year="1963"}
@article{bib-SCOT,
    author="W.T.Scott",
    title="",
    journal="Rev. Mod. Phys.",
    volume="35",pages="231",
    year="1963"}
@article{bib-KOL2,
    author={K.S.K\"olbig and B.Schorr},
    title="{A program package for the Landau distribution}",
    journal="Comp. Phys. Comm.",
    volume="31",pages="97",
    year="1984"}
@article{bib-KOL3,
    author={K.S.K\"olbig and B.Schorr},
    title="{Asymptotic expansion for the Landau density and distribution functions}",
    journal="Comp. Phys. Comm.",
    volume="32",pages="121",
    year="1984"}
@article{bib-ROTO,
    author="A. Rotondi and P. Montagna",
    title="{Fast calculation of Vavilov distribution}",
    journal="Nucl. Inst. Meth.",
    volume="B47",pages="215",
    year="1990"}
@article{bib-TALM,
    author="R.Talman",
    title="On the Statistics of Particle Identification using Ionization",
    journal="Nucl. Inst. Meth.",
    volume="159",pages="189",
    year="1979"}
@techreport{bib-EGS4,
    author="W.R.Nelson et al",
    title="{The EGS4 code system}",
    institution="SLAC",
    year="1985",
    number="265"}
@article{bib-SEL1,
    author="S.M. Seltzer and M.J. Berger",
    title="",
    journal="Nucl. Inst. Meth.",
    volume="B12",pages="95",
    year="1985"}
@article{bib-KIM1,
    author="L.Kim and R.H.Pratt and S.M.Seltzer and M.J.Berger",
    title="",
    journal="Phys. Rev.",
    volume="A33",pages="3002",
    year="1986"}
@article{bib-MIGD,
    author="A.B.Migdal",
    title="",
    journal="Phys. Rev.",
    volume="103",pages="1811",
    year="1956"}
@book{bib-WILL,
    author="R.W.Williams",
    title="Fundamental Formulas of Physics",
    editor="D.H.Menzel",
    publisher="Dover Pubs. Inc",
    volume="2",
    year="1960"}
@book{bib-HEIT,
    author="W.Heitler",
    title="The Quantum Theory of radiation",
    publisher="Clarendon Press",
    address="Oxford",
    year="1954"}
@article{bib-BRIC,
    author="C.Bricman et al.",
    title="",
    journal="Rev. Mod. Phys.",
    volume="52",
    year="1980"}
@article{bib-STE1,
    author="R.M.Sternheimer",
    title="",
    journal="Phys. Rev.",
    volume="88",pages="851",
    year="1952"}
@article{bib-STE2,
    author="R.M. Sternheimer",
    title="",
    journal="Phys. Rev.",
    volume="183",pages="511",
    year="1956"}
@techreport{bib-BARK,
    author="W.H.Barkas",
    title="",
    number="10292",
    institution="UCRL",
    month="August",
    year="1962"}
@techreport{bib-SERR,
    author="C.R.Serre",
    title="",
    number="67 5",
    institution="CERN",
    month="March",
    year="1967"}
@techreport{bib-SER1,
    author="C.R.Serre",
    title="",
    number="71 18",
    institution="CERN",
    month="September",
    year="1971"}
@techreport{bib-LOHM,
    author="W. Lohmann and R. Voss",
    title="",
    number="85 03",
    institution="CERN",
    type="Yellow Report",
    year="1985"}
@book{bib-MARM,
    author="P.Marmier and E.Sheldon",
    booktitle="Physics of Nuclei and Particles",
    publisher="Academic Press",
    pages="140",
    volume="1",
    year="1969"}
@techreport{bib-MOHE,
    author="H-J.Moehring",
    title="Hadron-Nucleus Inelastic Cross Sections for Use in Hadron Cascade Calculations at High Energies",
    number="116",
    institution="CERN",
    type="TIS RP",
    year="1983"}
@techreport{bib-MOH1,
    author="H-J.Moehring",
    title="",
    number="88-01",
    institution="CERN",
    type="KMU-HEP",
    note="Internal note",
    year="1988"}
@article{bib-HAEN,
    author="K.Haenssgen and J.Ranft",
    title="Hadronic Event Generation for Hadron Cascade Calculations and Detector Simulation I, Inelastic Hadron-Nucleon Collisions at Energies below 5 GeV",
    journal="Nucl. Sci. Eng.",
    note="also KMU-HEP 82-11 (1982)",
    volume="88",pages="537",
    year="1984"}
@article{bib-HAE1,
    author="K.Haenssgen and H-J.Moehring and J.Ranft",
    title="Hadronic Event Generation for Hadron Cascade Calculations and Detector Simulation II, Inelastic Hadron-Nucleon Collisions at Energies below 5 GeV",
    journal="Nucl. Sci. Eng.",
    note="also KMU-HEP 83-6 (1983)",
    volume="88",pages="551",
    year="1984"}
@article{bib-CAPE,
    author="A.Capella and J.Tran Tranh Van",
    title="A New Parton Model Description of Soft Hadron-Nucleus Collisions",
    journal="Phys. Lett.",
    volume="93B",pages="146",
    year="1980"}
@article{bib-CAP1,
    author="A.Capella and J.Tran Tranh Van",
    title="Hadron-Nucleus Interactions and the Leading Particle Effect in a Dual-Parton Model",
    journal="Z. Phys.",
    volume="C10",pages="249",
    year="1981"}
@techreport{bib-RANF,
    author="J.Ranft and S.Ritter",
    title="The Monte Carlo Codes NUCEVT and HADEVT to Simulate Hadron Production i
n Hadron-Nucleus and Hadron-Hadron Collisions",
    number="83-23",
    institution="CERN",
    type="TIS-RP/IR",
    year="1983"}
@article{bib-RITT,
    author="S.Ritter and J.Ranft",
    title="Simulation of Quark Jet Fragmentation into Mesons and Baryons on the Basis of a Chain Decay Model",
    journal="Acta Phys. Pol.",
    volume="B11",pages="259",
    year="1980"}
@article{bib-RIT1,
    author="S.Ritter",
    title="QCD Jets in e$^{+}$-e$^{-}$-Annihilation and the Transition Into Hadrons",
    journal="Z. Phys.",
    volume="C16",pages="27",
    year="1982"}
@article{bib-RIT2,
    author="S.Ritter",
    title="Monte Carlo Code BAMJET to Simulate the Fragmentation of Quark and Diquark Jets",
    journal="Comp. Phys. Comm.",
    volume="31",pages="393",
    year="1984"}
@article{bib-AGUI,
    author="Aguillar Benitez et al.",
    title="Review of Particle Properties",
    journal="Rev. Mod. Phys.",
    year="1984",
    volume="56",
    number="198"}
@manual{bib-LUND,
    author={T.Sj\"ostrand},
    organization="CERN",
    title="Pythia 5.6 and Jetset 7.3 Physics and Manual",
    edition="CERN-TH.6488/92",
    month="September",
    year="1992",
    note="See also the documentation in the car file"}
@article{bib-SANDIA,
    author="F. Biggs and R. Lighthill",
    journal="Sandia National Lab., SAND87-0070 UC-34",
    title="Analitycal Approximations for X-Ray Cross Sections 3",
    year="1987"}
@article{bib-HALL,
    author="H. Hall",
    journal="Rev. Mod. Phys.",
    year="1936",
    volume="8",
    title="The Theory of Photoelectric Absorbtion for X-Rays and $\gamma$-Rays",
    pages="358"}
@article{bib-PRATT,
    author="R. H. Pratt",
    journal="Phys. Rev.",
    year="1960",
    volume="117",
    title="Atomic Photoelectric Effect at High Energies",
    pages="1017"}
@article{bib-PRATT1,
    author="R. H. Pratt",
    journal="Phys. Rev.",
    year="1960",
    volume="119",
    title="Photoeffect form the L Shell",
    pages="1619"}
@book{bib-BETHE,
    author="H. Bethe and E. Salpeter",
    title="Encyclopedia of Physics",
    publisher="Springer-Verlag",
    address="Berlin",
    year="1957",
    volume="XXXV"}
@article{bib-GAVRILA-K,
    author="M. Gavrila",
    journal="Phys. Rev.",
    year="1959",
    volume="113",
    title="Relativistic K-Shell Photoeffect",
    pages="514"}
@article{bib-GAVRILA-L,
    author="M. Gavrila",
    journal="Phys. Rev.",
    year="1961",
    volume="124",
    title="Relativistic L-Shell Photoeffect",
    pages="1132"}
@article{bib-VEIGELE,
    author="WM. J. Veigele",
    journal="Atomic Data Tables",
    year="1973",
    volume="5",
title="Photon Cross sections from 0.1 keV to 1 MeV for Elements Z $=$ 1 to Z $=$ 94",
    pages="51"}
@article{bib-LEVELS,
    author="J.A. Bearden and A.F. Burr",
    title=" ",
    journal="Rev. Mod. Phys.",
    year="1967",
    volume="39",
    title="Reevaluation of X-Ray Atomic Energy Levels",
    pages="125"}
@article{bib-KRAUSE,
    author="M. O. Krause",
    journal="J. Phys. Chem. Ref. Data",
    year="1979",
    volume="8",
    title="Atomic Radiative and Radiationless Yields for K and L Shells",
    pages="307"}
@article{bib-SAUTER1,
    author="F. Sauter",
    title=" ",
    journal="Ann. Physik",
    year="1931",
    volume="9",
    pages="217"}
@article{bib-SAUTER2,
    author="F. Sauter",
    title=" ",
    journal="Ann. Physik",
    year="1931",
    volume="11",
    pages="454"}
@article{bib-SCOFIELD,
    author="J. H. Scofield",
    journal="Atomic Data and Nuclear Data Tables",
    year="1974",
    volume="14",
    title="Relativistic Hatree-Slater Values for K and L X-Ray Emission Rates",
    pages="121"}
@article{bib-CULLEN,
    author="S.T. Perkins et al.",
    title=" ",
    journal="UCRL-50400",
    year="1991",
    volume="30"}
@article{bib-NAGEL,
    author="B. C. H. Nagel and P. O. M. Olsson",
    title=" ",
    journal="Arkiv f. Fysik",
    year="1960",
    volume="18",
    pages="1"}
@article{bib-ALLIS,
    author="W. W. M. Allison and J. H. Cobb",
    title=" ",
    journal="Ann. Rev. Nucl. Part. Sci.",
    year="1980",
    volume="30",
    pages="253"}
@article{bib-GRISH,
    author="V. M. Grishin, V. K. Ermilova, S. K. Kotelnikov",
    title=" ",
    journal="Nucl. Instr. Meth.",
    year="1991",
    volume="A307",
    pages="273"}
@article{bib-ATOM1,
    author=" ",
    title=" ",
    journal="At. data Nucl. data tables",
    year="1978",
    volume="20",
    pages="1"}
@article{bib-ATOM2,
    author=" ",
    title=" ",
    journal="At. data Nucl. data tables",
    year="1982",
    volume="27",
    pages="2"}
@article{bib-ATOM3,
    author=" ",
    title=" ",
    journal="At. data Nucl. data tables",
    year="1985",
    volume="32",
    pages="1"}

