%  Text-Processing BiBTeX database
 
%%  bibtexfile{
%%      author          = "Michel Goossens, Eric van Herwijnen",
%%      version         = "1.08",
%%      date            = "3-jun-1992",
%%      filename        = "textproc.bib",
%%      address         = "CERN
%%                         European Centre of Particle Physics
%%                         CH1211, Geneva 23
%%                         Switzerland",
%%      checksum        = "     816    2215   25419",
%%      email           = "goossens.cernvm.cern.ch and eric.cernvm.cern.ch",
%%      codetable       = "ISO/ASCII",
%%      supported       = "yes",
%%      docstring       = "
%%                         The checksum field above contains the
%%                         standard UNIX wc (word count) utility
%%                         output of lines, words, and characters;
%%                         eventually, a better checksum scheme should
%%                         be developed."
%%      }
 
@Preamble{"\input{bibnames.sty} "
 # "\hyphenation{Ker-n-i-ghan Port-able  Post-Script Pren-tice Richt-er
    Spring-er} "
}
 
@String{AW = "Ad{\-d}i{\-s}on-Wes{\-l}ey"}
@String{AW:adr = "Reading"}
@String{PH = "Pren{\-}tice-Hall"}
@String{SF = "Scott, Foresman and Company"}
@String{SV = "Spring{\-}er-Ver{\-}lag"}
@String{ISO = "{International Organization for Standardization}"}
@String{ANSI = "{American National Standards Institute}"}
 
@techreport{PICTEXmanual,
    author="M.J.Wichura",
    title="{The \PiCTeX{} Manual}",
    institution="{\TeX{}niques, \TeX{} Users Group, \TeX niques}",
    number="6", year="1987"}
@Book{Adobe:blue,
  author =       "Adobe Systems Incorporated",
  title =        "{PostScript Language Tutorial and Cookbook}",
  publisher =    AW,
  address=       AW:adr,
  year =         "{\noopsort{1985b}}1985",
  ISBN =         "0-201-10179-3",
}
 
@Book{Adobe:red,
  author =       "Adobe Systems Incorporated",
  title =        "{PostScript Language Reference Manual}",
  publisher =    AW,
  address=       AW:adr,
  year =         "{\noopsort{1985a}}1985",
  ISBN =         "0-201-10174-2",
}
 
@Book{Adobe:red2,
  author =       "Adobe Systems Incorporated",
  title =        "{PostScript Language Reference Manual}",
  edition =      "Second",
  publisher =    AW,
  address=       AW:adr,
  year =         "1990",
  ISBN =         "0-201-18127-4",
}
 
@Book{Adobe:green,
  author =       "Glenn C. Reid",
  title =        "{PostScript Language Program Design}",
  publisher =    AW,
  address=       AW:adr,
  year =         "1988",
  ISBN =         "0-201-14396-8",
}
 
@Manual{Adobe:dps,
  title =        "{The Display PostScript System Reference}",
  organization = "{Adobe Systems, Incorporated}",
  year =         "1988",
  month =        oct # " 10",
}
 
@Book{Adobe:type-1-font-format,
  author =       "Adobe Systems Incorporated",
  key =          "{Ad90}",
  title =        "{Adobe Type 1 Font Format}",
  publisher =    AW,
  address=       AW:adr,
  year =         "1990",
  month =        mar,
}
 
@Book{Adobe:type-1-font-format-1-1,
  author =       "Adobe Systems Incorporated",
  title =        "{Adobe Type 1 Font Format---Version 1.1}",
  publisher =    AW,
  address=       AW:adr,
  year =         "1990",
  month =        aug,
  ISBN =         "0-201-57044-0",
}
 
@Book{Braswell:postscript,
  author =       "Frank Merritt Braswell",
  title =        "{Inside PostScript}",
  publisher =    "Peachpit Press, Inc.",
  year =         "1989",
  address =      "1085 Keith Avenue, Berkeley, CA 94708, USA",
}
 
@Incollection{Goswell:postscript-implementation,
  author =       "Crispin A. A. Goswell",
  title =        "{An Implementation of PostScript}",
  booktitle =    "Workstations and Publication Systems",
  publisher =    SV,
  year =         "1987",
  editor =       "Rae A. Earnshaw",
  pages =        "40--53",
  ISBN =         "0-387-96527-0",
  note =         "Goswell describes an implementation of PostScript
                 which has been widely distributed on the Internet.",
}
 
@Book{Holzgang:postscript,
  author =       "David A. Holzgang",
  title =        "{Understanding PostScript Programming}",
  publisher =    "Sybex",
  year =         "1987",
  ISBN =         "0-89588-396-1",
}
 
@Book{Holzgang:postscript-prog-guide,
  author =       "David A. Holzgang",
  title =        "{PostScript Programmer's Reference Guide}",
  publisher =    SF,
  year =         "1989",
  ISBN =         "0-673-38574-4",
}
 
@Book{Holzgang:display-postscript,
  author =       "David A. Holzgang",
  title =        "{Display PostScript Programming}",
  publisher =    AW,
  address=       AW:adr,
  year =         "1990",
  ISBN =         "0-201-51814-7",
}
 
@phdthesis{Liang:1983,
    author =   "Franklin Mark Liang",
    month =    "June",
    year =     "1983",
    school =   "Stanford University",
    address =  "Stanford, CA 94305",
    title =    "Word Hy-phen-a-tion by Com-pu-ter",
    note =     "Also available as Stanford University,
                Department of Computer Science Report No. STAN-CS-83-977"
}

@Book{Reid:TPS90,
  author =      "Glenn C. Reid",
  title =       "{Thinking in PostScript}",
  publisher =   AW,
  address=       AW:adr,
  year =        "1990",
  ISBN =        "0-201-52372-8",
}
 
@Book{Roth:postscript,
  editor =       "Stephen E. Roth",
  title =        "{Real World PostScript}",
  publisher =    AW,
  address=       AW:adr,
  year =         "1988",
  ISBN =         "0-201-06663-7",
}
 
@Book{Smith:visual-postscript,
  author =       "Ross Smith",
  title =        "{Learning PostScript---A Visual Approach}",
  publisher =    "Peachpit Press",
  year =         "1990",
  address =      "1085 Keith Avenue, Berkeley, CA 94708",
  ISBN =         "0-938151-12-6",
}
 
@article{Schrod:components,
    author="Joachim Schrod",
    title="{The Components of \TeX}",
    journal="\TeX line",
    volume="14",pages="7-11",
    month="february",
    year="1992"}
@Book{Vollenmeider:EPS90,
  author =      "Peter Vollenmeider",
  title =       "{Encapsulated PostScript:  Applications for the MacIntosh
                and PC}",
  publisher =   PH # " and Carl Hanser",
  year =        "1990",
  ISBN =        "0-13-275843-1",
}
 
@Misc{Wood:plj,
  author =       "Patrick {Wood, editor}",
  title =        "{PostScript Language Journal}",
  howpublished = "Pipeline Associates, Inc., P. O. Box 5763,
                 Parsippany, NJ 07054",
}
 
@article{cahiers,
    author =       "J. Andr\'e and J. Grimault",
    title  =       "{Emploi des capitales (premi\`ere partie)}",
    journal=       "Cahiers GUTenberg",
    volume =       "6",
    pages  =       "42-50",
    month  =       "july",
    year   =       "1990"}
@Book{codetypo,
    title =        "{Code typographique}",
    publisher =    "{Syndicat national des cadres et ma\^\i{}trise du livre, de la presse 
                    et des industries graphiques}",
    edition =      "13",
    year =         "1954"}
@Book{roman,
    title =        "{Guide du typographe romand}",
    publisher =    "{Association suisse des compositeurs \`a la machine}", 
    edition =      "4",
    year =         "1982"}
@Book{lexique,
    title =        "{Lexique des r\`egles typographiques en usage \`a l'Imprimerie nationale}",
    publisher =    "{Imprimerie nationale}", 
    edition =      "3",
    year =         "1990"}
@Book{MCLEAN,
    author =       "Ruari McLean",
    title =        "{The Thames and Hudson Manual of Typography}",
    publisher =    "Thames and Hudson",
    year =         "1980"}
@article{GOLDFARB,
    author="C.F. Goldfarb",
    title="{HyTime: A standard for structured hypermedia interchange}",
    journal="IEEE Computer",
    volume="24",
    pages="81-84",
    month="august",
    year="1991"}
@article{LEVINE,
    author="Micheal J.S. Levine",
    title="{A \LaTeX{} Graphics Routine for drawing Feynman Diagrams}",
    journal="Computer Physics Communications",
    volume="58",
    pages="181-198",
    year="1990"}
@book{CALS,
    author="W.H. Taft IV",
    title="{Computer-aided Acquisition and Logistics Support}",
    publisher="US Dept. of Defense",
    month="August",
    address="Washington",
    year="1988"}
@book{ISOTR,
    author=ISO,
    title="Information processing - {SGML} support facilities -
    Techniques for using {SGML} (ISO/IEC TR 9573)",
    publisher="ISO",
    address="Geneva",
    year="1988"}
@book{CHECKM,
    author="Software Exoterica",
    title="XGML CheckMark Version 1.1",
    publisher="Software Exoterica Corporation",
    address="Ottawa",
    month="July",
    year="1989"}
@book{WRITER,
    author="Datalogics",
    title="Writerstation Text Editor",
    publisher="Datalogics Inc.",
    address="Chicago",
    year="1986"}
@book{CRAIG,
    author="A. Scheller and C. Smith",
    title="{Document Application Processing in a 
            Heterogeneous Network Environment}",
    publisher="DFN-Bericht Nr 41",
    address="Berlin",
    month="July",
    year="1986"}
@article{FELICI,
    author="J. Felici",
    title="{PostScript versus TrueType}",
    journal="Macworld",
    volume="8",pages="195-201",
    month="september",
    year="1991"}
@article{SHELDON,
    author="K.M. Sheldon",
    title="{ASCII goes global}",
    journal="Byte",
    volume="16",pages="108-116",
    month="july",
    year="1991"}
@article{HAYES,
    author="F. Hayes",
    title="{Consortium forms Universal Character Code  Standard}",
    journal="UnixWorld",
    volume="8",pages="109-110",
    month="may",
    year="1991"}
@book{INTERPR,
    author="S. J. Harrington and R.R. Buckley",
    title="{Interpress, the Source Book}",
    publisher="A Brady Book",
    address="New York",
    year="1988"}
@book{KNUTH79,
    author="D.E. Knuth",
    title="\TeX\ {and Metafont, New Directions in Typesetting}",
    publisher="The American Mathematical Society and Digital Press",
    address="Stanford",
    year="1979"}
@book{IMSYS,
    author="M. Whiteside",
    title="{IMSYS, the Intelligent Markup System}",
    publisher="Avalanche Development Company",
    address="Boulder, Colorado",
    year="1986"}
@article{NAFMP,
    author="N.A.F.M. Poppelier",
    title="{SGML and \TeX{} in Scientific Publishing}",
    journal="TUGboat",
    volume="12",pages="105-109",
    month="march",
    year="1991"}
@article{NLATEX,
    author="F. Mittelbach and {R. Sch\"opf}",
    title="{Towards \LaTeX{} 3.0}",
    journal="TUGboat",
    volume="12",
    month="march",
    year="1991"}
@article{KNUTH86B,
    author="D.E. Knuth",
    title="{Remarks to Celebrate the Publication of Computers and 
            Typesetting}",
    journal="TUGboat",
    volume="7",
    pages="95-98",
    year="1986"}
@article{KNUTH89A,
    author="D.E. Knuth",
    title="Typesetting {\sl Concrete Mathematics}",
    journal="TUGboat",
    volume="10,1",
    pages="31-36",
    year="1989"}
@article{KNUTH90A,
    author="D.E. Knuth",
    title="{The Future of \TeX{} and Metafont}",
    journal="TUGboat",
    volume="11,4",
    pages="489",
    year="1990"}
@article{KNUTH90B,
    author="D.E. Knuth",
    title="{Virtual Fonts: More Fun for Grand Wizards}",
    journal="TUGboat",
    volume="11",
    pages="13-23",
    year="1990"}
@article{DATEX,
    author="S.A. Mamrak, C.S. O'Connell and R.E. Parent",
    title="{The Automatic Generation of Translation 
           Software for Graphic Objects}",
    journal="IEEE Computer Graphics & Applications",
    month="november",
    year="1989"}
@book{SNE,
    author="D. Vignaud",
    title="L'\'edition structur\'ee des documents",
    publisher="\'Editions du Cercle de la Librairie",
    address="Paris",
    year="1990"}
@book{TRUETYPE,
    author="Apple",
    title="{The Truetype Font Format Specification}",
    publisher="Apple Computer Inc.",
    address="Cupertino (CA)",
    year="1990"}
@book{TEX,
    author="D.E. Knuth",
    title="The \TeX\ book",
    publisher=AW,
    address="Reading",
    year="1990"}
@book{bib-CONCRETEMATH,
    author="R.L. Graham and D.E. Knuth and O. Patashnik", 
    publisher=AW,
    address="Reading",
    year="1989"}
@manual{KNUTH86A,
    author="D.E. Knuth",
    title="Computers and Typesetting (Volumes A-E)",
    publisher=AW,
    address=  AW:adr,
    year="1986"}
@manual{ADOFONT,
    title="Font and  Function (The Adobe Type Catalog)",
    organization="Adobe Systems Europe B.V.",
    address="Amsterdam",
    year="1990"}
@manual{bib-AMSFONTS,
    title="AMSFonts version 2.1---user's guide",
    organization="American Mathematical Society",
    address="Providence, Rhode Island",
    year="1991"}
@manual{bib-AMSGUIDELINES,
    title="Guidelines for preparing electronic manuscripts---\AmS-\LaTeX{}",
    organization="American Mathematical Society",
    address="Providence, Rhode Island",
    year="1990"}
@book{AMSTEX,
    author="M.D. Spivak",
    title="The Joy of \TeX, 2nd Edition",
    publisher="American Mathematical Society",
    address="Providence, Rhode Island",
    year="1990"}
@book{LATEX,
    author="Leslie Lamport",
    title="\LaTeX, {A Document Preparation System}",
    publisher=AW,
    address=  AW:adr,
    year="1986"}
@book{METAFONT,
    author="D.E. Knuth",
    title="The Metafontbook",
    publisher=AW,
    address=  AW:adr,
    year="1990"}
@article{BERRYK,
    author="Karl Berry",
    title="Filenames for Fonts",
    journal="TUGboat",
    volume="11",
    pages="517-520",
    year="1990"}
@manual{bib-PEN,
    author="Michel Goossens and Eric van Herwijnen",
    title="The Elementatry Particle Entity Notation (PEN) Scheme {\normalshape AS-MI/91-04}",
    organization="CERN",
    year="1991"}
@article{bib-SCTEXT,
    author="Michel Goossens and Eric van Herwijnen",
    title="Scientific Text Processing {\normalshape AS-MI/91-02}",
    journal="International Journal of Modern Physics, C",
    volume="To be published in June",
    pages="1-68",
    year="1992"}
@manual{LOWE,
    author="D.E. Lowe",
    title="A Guide to international recommendations on names and
           symbols for quantities and on units of measurements",
    organization="World Health Organization",
    address="Geneva",
    year="1975"}
@article{IUPAP,
    author="{International Union of pure and applied Physics}",
    title="{Symbols, units, nomenclature and fundamental constants in physics}",
    journal="Physica",
    volume="146A",
    pages="1-67",
    year="1987"}
@article{BNFSS,
    author="Frank Mittelbach and {Rainer Sch\"opf}",
    title="{The New Font Selection - User Interface to Standard \LaTeX}",
    journal="TUGboat",
    volume="11,2",
    pages="297--305",
    year="1990"}
@article{BNFSS-MACROS,
    author="Frank Mittelbach and {Rainer Sch\"opf}",
    title="A New Font Selection Scheme for \TeX{} Macro Packages",
    journal="TUGboat",
    volume="10,2",
    pages="222--238",
    year="1989"}
@article{FERGUS,
    author="M. Ferguson",
    title="{Report on Multilingual Activities}",
    journal="TUGboat",
    volume="11",
    pages="514-516",
    year="1990"}
@manual{SIGHYP,
    title="{SIGhyper, SGML User's Group SIG on hypertext}",
    organization="Steven R. Newcomb",
    address="c/o TechnoTeacher, Tallahassee, FL",
    month="july",
    year="1991"}
@techreport{PREP,
    author="I. Fabian and J.E. Garcia Verdes and E. van Herwijnen and
    N.A.F.M. Poppelier and B. Robinson and J.C. Scheuer and G. Wu",
    title="{Automatic Extraction of bibliographic Records}",
    institution="CERN",
    year="1991", address="Geneva, Switzerland"}
@manual{ALEPH,
    title="Aleph Integrated Library System",
    organization="Ex Libris, Ltd.",
    address="Tel Aviv",
    year="1987"}
@article{IOPP,
    author="The Institute of Physics",
    title="Annual Report of Council for the year 1990",
    journal="Supplement to Physics World",
    month="may",
    year="1991"}
@article{NEWSC,
    title="Saving mud monuments",
    journal="NewScientist",
    author="Leigh Dayton",
    month="may",
    year="1991"}
@manual{DYNAT,
    title="{Dynatext, Electronic Book Indexer/Browser}",
    organization="Electronic Book Technology Inc.",
    address="Providence, Rhode Island",
    year="1991"}
@book{SOUTH,
    author="A.M. Fountain and  W. Hall and I. Heath and H.C. Davis",
    title="Microcosm: an open model for hypermedia with dynamic linking",
    publisher="Cambridge University Press (proceedings of ECHT '90)",
    year="1990"}
@manual{EPPLIT,
    title="A Guide to Experimental Elementary Particle Physics Literature (1985-1989)",
    organization="Particle Data Group",
    address="Lawrence Berkeley Laboratory LBL-90 Revised",
    year="1990"}
@article{PPD,
    title="Review of Particle Properties",
    journal="Phys.Lett.B239",
    author="Particle Data Group",
    pages="1-516",
    month="april",
    year="1990"}
@techreport{NORTEXT,
    title="Nortext-100 Typographic Function Codes",
    institution="Norsk Data",
    number="ND-61.029.1 EN",
    year="1986"}
@manual{CRNPAP,
    author="E. van Herwijnen",
    title="Cernpaper User's Guide",
    organization="CERN",
    month="may",
    year="1985"}
@manual{REVTEX,
    author="P. Sutherland",
    title="Physical Review, Input Guide for \TeX\ Author-Prepared Compuscripts version 2",
    organization="American Physical Society",
    year="1991"}
@book{APS,
    author="S. Loken (chairman)",
    title="Report of the APS task force on electronic information systems",
    publisher="American Physical Society",
    month="november",
    year="1990"}
@techreport{AAP,
    author=ANSI,
    title="{American National Standard for Electronic 
           Manuscript Preparation and Markup}",
    number="ANSI/NISO Z39.59--1988",
    institution="ANSI",
    year="1988"}
@manual{BLUESKYFONTS,
    author="Blue Sky Research",
    title="{Computer Modern Faces in Adobe Type 1 PostScript format}",
    note="{Contact: Blue Sky Research, 534~Southwest Third Avenue, Portland, Oregon 97204 USA}",
    year="1991"}
@misc{BTFFONT,
    author="{Berglund Type Foundry}",
    title="{Math Fonts Package}",
    note="{Contact: A. Berglund, 11, rue Louis-Favre, CH-1201 Geneva, Switzerland}",
    year="1991"}
@techreport{ISO:TR9573-13,
    author=ISO,
    title="{Information technology --- SGML support facilities ---
           Techniques for using SGML --- Part 13:
           Public entity sets for mathematics and science}",
    institution="ISO, Geneva",
    number="ISO/IEC TR 9573--13 (First edition)",
    month="july",
    year="1991"}
@techreport{ISO:10179,
    author=ISO,
    title="{Document Style Semantics and Specification Language}",
    institution="ISO, Geneva",
    number="ISO DIS 10179 (draft international standard)",
    year="1991"}
@techreport{ISO:10180,
    author=ISO,
    title="{Standard Page Description Language}",
    institution="ISO, Geneva",
    number="ISO DIS 10180 (draft international standard)",
    year="1991"}
@book{NROFF,
    author="J.F. Osanna",
    title="NROFF User's Book - Second Edition",
    publisher="Bell Laboratories",
    month="September",
    year="1974"}
@manual{FRAME,
    title="FrameMaker 2.1",
    organization="Frame Technololgy Corp.",
    address="San Jose",
    year="1990"}
@article{EPS,
    title="{Streamlining Publishing Procedures}",
    journal="Europhysics News",
    author="E. van Herwijnen and J.C. Sens",
    month="november",
    pages="171-174",
    year="1989"}
@article{HECK,
    title="{Results of a Desk Top Publishing Survey}",
    journal="Desk Top Publishing in Astronomy and Space Sciences",
    author="A. Heck",
    month="in press",
    address="Singapore",
    publisher="World Scientific",
    year="1991"}
@article{ISCRIPT,
    title="SCRIPT: An on-line manuscript processing system",
    journal="IEEE Transactions on Engineering Writing and Speech",
    author="S.E. Madnick and A. Moulton",
    month="august",
    pages="92-100",
    year="1968"}
@manual{WSCRIPT,
    author="B. Uttley, private communication",
    title="Waterloo Script",
    organization="Waterloo University (now available from WATCOM Products)",
    year="1973"}
@manual{ARB,
    title="The Publisher",
    organization="ArborText, Inc.",
    address="Ann Arbor, MI 48103",
    year="1990"}
@article{AMST,
    title="The Implementation of the Amsterdam {SGML} Parser",
    journal="Electronic Publishing- Origination, Dessemination and Design",
    author="J. Warmer and S. van Egmond",
    month="july",
    pages="65-90",
    year="1989"}
@article{BLEEK,
    title="The use of relational databases for electronic and conventional scientific publishing",
    journal="Journal of Information Science",
    author="J.G. Kircz and J. Bleeker",
    pages="75-89",
    year="1987"}
@manual{CERNSGM1,
    author="M. Goossens",
    title="{SGML/BookMaster User's Guide}",
    organization="CERN",
    address="Geneva, Switzerland",
    year="1990"}
@manual{CERNSGM2,
    author="M. Goossens",
    title="{The SGML/BookMaster System at CERN - Reference Summary}",
    organization="CERN",
    address="Geneva, Switzerland",
    year="1990"}
@manual{CERNSGM3,
    author="M. Goossens",
    title="{The SGML/BookMaster System at CERN. A Practical Introduction to SGML}",
    organization="CERN",
    address="Geneva, Switzerland",
    year="1990"}
@techreport{ERIC,
    author="E. van Herwijnen",
    title="{Future Office Systems Requirements}",
    institution="CERN DD Report",
    year="1988", month="November"}
@techreport{ISO:8879,
    author=ISO,
    title="{SGML, The Standard Generalised Markup Language}",
    number="ISO 8879",
    institution="ISO Geneva",
    year="1986"}
@techreport{ISO:9541,
    author=ISO,
    title="Font Information Interchange (3 parts)",
    number="ISO 9541",
    institution="ISO Geneva",
    year="1991"}
@book{ERIC1,
    author="E. van Herwijnen",
    title="{Practical SGML}",
    publisher="Wolters-Kluwer Academic Publishers",
    address="Boston",
    year="1990"}
@manual{FREEHAND,
    title="Aldus Freehand User's Manual",
    organization="Aldus Corporation",
    address="Seattle",
    year="1988"}
@manual{IBMBOOKM,
    title="Document Composition Facility BookMaster - Version 3 (SC34-5009-03)",
    organization="IBM Corporation",
    address="Boulder",
    year="1990"}
@manual{IBMDCF,
    title="Document Composition Facility - Version 3.2 (SH44-3191-00)",
    organization="IBM Corporation",
    address="Boulder",
    year="1988"}
@manual{ILLUSTR,
    title="Adobe Illustrator User's Manual",
    organization="Adobe Corporation",
    address="Mountain View",
    year="1988"}
@techreport{ISO:8613,
    author="ISO",
    title="The Office Document Architecture and Interchange Format",
    number="ISO 8613",
    publisher="ISO Geneva",
    year="1987"}
@techreport{PHYZZX,
    author="M. Weinstein",
    title="Everything you wanted to know about {PHYZZX} but didn't know to ask",
    number="SLAC-TN-84-7",
    institution="SLAC",
    year="1984",month="October"}
@manual{IBMPOST,
    title="IBM Publication Systems PostScript Interpreter",
    organization="IBM Product N$\sp{0}$ SC34-5082-02",
    year="1989", month="june"}
@techreport{LEX,
    author="L. van Dam and E. van Loenen",
    title="{An SGML application interface}",
    institution="CERN DD Report",
    year="1989", month="June"}
@manual{WORDMC1,
    title="{Microsoft Word, Reference to Microsoft Word, Version 4.0}",
    organization="Microsoft Corporation",
    year="1987"}
@manual{WORDIB1,
    title="{Microsoft Word, User's Reference}",
    organization="Microsoft Corporation",
    year="1989"}
@techreport{MISREF,
    author="CERN MIS Unit",
    title="MIS Reference Book",
    institution="CERN MIS",
    year="1988", month="April"}
@article{WARREN,
    author="T. Warren",
    title="{SGML and style sheets: the implications for electronic document preparation}",
    journal="University Computing",
    year="1987", volume="9", pages="81-86"}
@techreport{WRD2GML,
    author="Dee Cork and Jurgen de Jonghe",
    title="{A user guide for MS Word to SGML conversion, (PC version)}",
    institution="CERN DD Report",
    year="1989", month="June"}
@techreport{RTF,
    author="Microsoft Inc.",
    title="Rich Text Format specification",
    institution="Microsoft",
    year="1988"}
@manual{PCTEX,
    author="Michael Spivak",
    title="PC \TeX\ Manual, version 2.1",
    organization="Personal \TeX\  Inc.",
    year="1988"}
@manual{TEXTURES,
    title="T{\sc extures} User's Guide",
    organization="Blue Sky Research",
    address="Portland, Oregon",
    year="1988"}
@manual{XPRESS,
    title="Quark Xpress Reference Manual",
    organization="Quark Corporation",
    address="Seattle",
    year="1990"}
@manual{XTRAN,
    title="XGML Translator - XTRAN Programmer's Manual",
    organization="Exoterica Corporation",
    address="Ottawa",
    year="1990"}
@book{WILLIAH,
    author="Hugh Williamson",
    title="Methods for Book Design, Third Edition",
    publisher="Yale University Press",
    address="Newhaven, London",
    year="1985"}
@book{BRYAN,
    author="M. Bryan",
    title="{SGML, An Author's Guide to the Standard Generalized Markup Language}",
    publisher=AW,
    address=AW:adr,
    year="1988"}
@book{WORDMC2,
    author="Paul Hofman",
    title="Microsoft Word for the Macintosh made easy (version 3)",
    publisher="McGraw-Hill",
    address="Berkeley",
    year="1987"}
@manual{AE,
    title="Author/Editor$^{TM}$ Advance version Users Guide",
    organization="Softquad Inc",
    address="Toronto",
    year="1988", month="June"}
@manual{PAGEMAK,
    title="Aldus Pagemaker Reference Manual",
    organization="Aldus Corporation",
    address="Seattle",
    year="1990"}
@manual{MATH,
    title="Mathtype, The Mathematical Equation Editor for Macintosh, Version 1.53",
    organization="Design Science, Inc",
    address="Long Beach",
    year="1987"}
@manual{AMST,
    author="Jos Warmer and Sylvia van Egmond",
    title="{The Implementation of the Amsterdam SGML Parser}",
    organization="Free University",
    address="Amsterdam",
    year="1988"}
@manual{WATS,
    title="Waterloo SCRIPT Reference Manual for Waterloo SCRIPT, Version 86.1",
    organization="Department of Computing Services",
    address="University of Waterloo, Waterloo, Canada",
    year="1987", month="February"}
@manual{VAXDOC,
    title="{VAX Document User's Guide - Using Global Tags.
           Ref. N$\sp0$ AA-JT84C-TE}",
    organization="Digital Equipment Co.",
    year="1991"}
@manual{IBMSGML,
    title="{IBM SGML Translator DCF Edition -- IBM Product N$\sp0$ 5684-025}",
    organization="IBM Corporation",
    year="1988", month="September"}
@manual{DCF,
    title="IBM Document Composition Facility Generalized Markup Language--
           Starter Set Reference, Release 3.2 IBM Manual SH20-9187-05",
    address="Boulder",
    year="1988"}
@techreport{GREEN,
    author="D.O.Williams et al.",
    title="{Computing at CERN in the 1990s --Final Report of
           the working group for experiments}",
    institution="CERN Internal report",
    year="1988", month="October"}
@manual{TPS,
    title="Technical Publishing System, version 4.0",
    organization="Interleaf, Inc",
    address="Boston",
    year="1987"}
@manual{UNIXTEXT,
    author="Dale Dougherty and Tim O'Reilly",
    title="{Unix Text Processing}",
    institution="Hayden Books",
    address="Indianapolis",
    year="1988"}
@techreport{UNICODE,
    author="The Unicode Consortium",
    title="{Unicode 1.0 - Draft Standard}",
    institution="The Unicode Consortium",
    year="1990"}
@techreport{ISOEDI,
    author=ISO,
    title="EDI for Administration Commerce and Transport",
    number="ISO XXXX",
    institution="ISO Geneva",
    year="1988"}
@techreport{ISO,
    author=ISOOPERA,
    title="Operational Model for Text Description and Processing Languages",
    number="ISO/TC97/SC18/WG8 N 484",
    institution="ISO Geneva",
    year="1987", month="August"}
@manual{LSE,
    title="{Guide to VAX Language-Sensitive Editor and VAX Source 
            Code Analyser, Version 2.1}",
    institution="DEC Order N$\sp{0}$: AI-FY24B-TK",
    year="1987", month="July"}
@manual{SOBEMAP,
    tilte="{The Mark-It Manual, version 2.0}",
    institution="Sobemap S.A.",
    address="Brussels",
    year="1988", month="June"}
@techreport{ORACLE,
    author="Lawrence Ellison",
    title="{Oracle Overview and Introduction to SQL}",
    institution="Oracle Corporation",
    year="1985"}
@techreport{ISO:9069,
    author=ISO,
    title="{SGML Document Interchange Format}",
    number="ISO 9069",
    institution="ISO Geneva",
    year="1988", month="September"}
@techreport{ISO:10646,
    author=ISO,
    title="{Universal Coded Character Set}",
    number="ISO DIS 10646 (draft international standard)",
    institution="ISO Geneva",
    year="1991"}
@article{WON89,
    author="R. Wonneberger",
    title="{\TeX} {in an Industrial Environment}",
    journal="{Proceedings of the 4th European \TeX{} Conference, Karlsruhe}",
    month="September", year="1989"}
